<?xml version="1.0" encoding="UTF-8"?><collection xmlns="http://www.loc.gov/MARC21/slim"><record><leader>00545nam--2200181-i-4500</leader><controlfield tag="001">000041234</controlfield><controlfield tag="002">20161230</controlfield><controlfield tag="005">20161230201043</controlfield><controlfield tag="008">060222s1000------------r-----000-0-fre-d</controlfield><datafield ind1=" " ind2=" " tag="040"><subfield code="a">IFIN-HH</subfield></datafield><datafield ind1=" " ind2=" " tag="041"><subfield code="a">fre</subfield></datafield><datafield ind1=" " ind2=" " tag="080"><subfield code="a">539.172.12:015:546.72</subfield></datafield><datafield ind1="1" ind2=" " tag="100"><subfield code="a">Sens,Jean-claude</subfield></datafield><datafield ind1="1" ind2="0" tag="245"><subfield code="a">Etude spectroscopique de 18 f par les reactions 17o(p,p) 17o, 17o(p,d), 14n, 17o(p, ), 18f</subfield><subfield code="b">These</subfield><subfield code="c">Jean-claude sens</subfield></datafield><datafield ind1=" " ind2=" " tag="260"><subfield code="a">Strasbourg</subfield><subfield code="b">Universite Louis Pasteur</subfield><subfield code="c">1971</subfield></datafield><datafield ind1=" " ind2=" " tag="300"><subfield code="a">118 P</subfield></datafield><datafield ind1=" " ind2=" " tag="852"><subfield code="a">38060</subfield><subfield code="c">539.17</subfield></datafield><datafield ind1=" " ind2=" " tag="CAT"><subfield code="a">Sys</subfield><subfield code="c">20120608</subfield><subfield code="h">143515</subfield></datafield></record></collection>